@book{boissier2020multi,
  title={Multi-agent oriented programming: programming multi-agent systems using JaCaMo},
  author={Boissier, Olivier and Bordini, Rafael H and Hubner, Jomi and Ricci, Alessandro},
  year={2020},
  publisher={MIT Press}
}

@book{wooldridge2009introduction,
  title={An introduction to multiagent systems},
  author={Wooldridge, Michael},
  year={2009},
  publisher={John wiley \& sons}
}

@article{boissier2013multi,
  title={Multi-agent oriented programming with JaCaMo},
  author={Boissier, Olivier and Bordini, Rafael H and H{\"u}bner, Jomi F and Ricci, Alessandro and Santi, Andrea},
  journal={Science of Computer Programming},
  volume={78},
  number={6},
  pages={747--761},
  year={2013},
  publisher={Elsevier}
}

@book{bordini2007programming,
  title={Programming multi-agent systems in AgentSpeak using Jason},
  author={Bordini, Rafael H and H{\"u}bner, Jomi Fred and Wooldridge, Michael},
  volume={8},
  year={2007},
  publisher={John Wiley \& Sons}
}

@book{bordini2009multi,
  title={Multi-agent programming},
  author={Bordini, Rafael H and Dastani, Mehdi and Dix, J{\"u}rgen and Seghrouchni, A El Fallah},
  year={2009},
  publisher={Springer}
}

@article{hubner2007developing,
  title={Developing organised multiagent systems using the MOISE+ model: programming issues at the system and agent levels},
  author={Hubner, Jomi F and Sichman, Jaime S and Boissier, Olivier},
  journal={International Journal of Agent-Oriented Software Engineering},
  volume={1},
  number={3-4},
  pages={370--395},
  year={2007},
  publisher={Inderscience Publishers}
}